<?xml version="1.0" encoding="UTF-8"?><collection xmlns="http://www.loc.gov/MARC21/slim"><record><leader>00364nam--2200133-i-4500</leader><controlfield tag="001">000026915</controlfield><controlfield tag="002">20161230</controlfield><controlfield tag="005">20161230201036</controlfield><controlfield tag="008">060222s1000------------r-----000-0-eng-d</controlfield><datafield ind1=" " ind2=" " tag="080"><subfield code="a">53.08</subfield></datafield><datafield ind1=" " ind2=" " tag="100"><subfield code="a">Kohkrausch, F</subfield></datafield><datafield ind1=" " ind2=" " tag="245"><subfield code="a">Praktische physik zum gebrauch fur unterricht, forschung und technik</subfield></datafield><datafield ind1=" " ind2=" " tag="260"><subfield code="a">Stuttgart, B.G.Teubner, 1956. Xi + 756p</subfield></datafield><datafield ind1=" " ind2=" " tag="852"><subfield code="a">12788</subfield></datafield></record></collection>